@article{Samadelli2015,
  author    = {M. Samadelli and M. Melis and M. Miccoli and Egarter Vigl and A. Zink},
  title     = {Complete mapping of the tattoos of the 5300‑year‑old Tyrolean Iceman},
  journal   = {Journal of Cultural Heritage},
  year      = {2015},
  volume    = {16},
  number    = {5},
  pages     = {753–758},
  doi       = {10.1016/j.culher.2014.12.005},
  url       = {http://www.sciencedirect.com/science/article/pii/S1296207415000023}
}

@article{AsztalosLeveles2020,
  author    = {Lilla Asztalos and Borb\'ala Leveles},
  title     = {Damage Analysis of Tattoo Needle Tips},
  journal   = {Acta Materialia Transylvanica},
  year      = {2020},
  volume    = {3},
  number    = {1},
  pages     = {16--19},
  keywords  = {tattoo needle, damage, needle wear},
  doi       = {},
  url       = {}
}

@Article{NietoBastida2023,
  author    = {Saul Nieto Bastida and Chyi-Yeu Lin},
  title     = {Autonomous Trajectory Planning for Spray Painting on Complex Surfaces Based on a Point Cloud Model},
  journal   = {Sensors},
  year      = {2023},
  volume    = {23},
  number    = {24},
  pages     = {9634},
  doi       = {10.3390/s23249634},
  url       = {https://doi.org/10.3390/s23249634}
}

@article{arar2025swiftsketch,
  title     = {SwiftSketch: A Diffusion Model for Image-to-Vector Sketch Generation},
  author    = {Arar, Ellie and Frenkel, Yarden and Cohen-Or, Daniel and Shamir, Ariel and Vinker, Yael},
  journal   = {arXiv preprint arXiv:2502.08642},
  year      = {2025},
  doi       = {10.48550/arXiv.2502.08642},
  url       = {https://arxiv.org/abs/2502.08642}
}

@misc{carlier2020deepsvg,
  title       = {DeepSVG: A Hierarchical Generative Network for Vector Graphics Animation},
  author      = {Alexandre Carlier and Martin Danelljan and Alexandre Alahi and Radu Timofte},
  year        = {2020},
  eprint      = {2007.11301},
  archivePrefix = {arXiv},
  primaryClass  = {cs.CV},
  note        = {NeurIPS 2020}
}

@article{mellor2020unsupervised,
  title     = {Unsupervised Doodling and Painting with Improved SPIRAL},
  author    = {Mellor, John F. J. and Park, Eunbyung and Ganin, Yaroslav and Babuschkin, Igor and Kulkarni, Tejas and Rosenbaum, Dan and Ballard, Andy and Weber, Theophane and Vinyals, Oriol and Eslami, S. M. Ali},
  journal   = {arXiv preprint arXiv:2006.XXXX},
  year      = {2020}
}

@article{ha2017neural,
  title={A Neural Representation of Sketch Drawings},
  author={Ha, David and Eck, Douglas},
  journal={arXiv preprint arXiv:1704.03477},
  year={2017}
}

@inproceedings{huang2019learning,
  title={Learning to Paint With Model-based Deep Reinforcement Learning},
  author={Huang, Zhewei and Heng, Wen and Zhou, Shuchang},
  booktitle={Proceedings of the IEEE International Conference on Computer Vision (ICCV)},
  year={2019},
  doi = {10.1109/ICCV.2019.00880}
}

@inproceedings{kotani2019teaching,
  title     = {Teaching Robots to Draw},
  author    = {Kotani, Atsunobu and Tellex, Stefanie},
  booktitle = {2019 IEEE International Conference on Robotics and Automation (ICRA)},
  year      = {2019},
  organization = {IEEE},
  address   = {Montreal, Canada}
}

@article{kluger2015cultural,
  title={The Cultural Heritage of Tattooing: A Brief History},
  author={Kluger, N.},
  journal={Current Problems in Dermatology},
  volume={47},
  pages={16--22},
  month={April},
  year={2015},
  doi={10.1159/000369174}
}

@misc{hawken2022tattooing,
  title = {Tattooing Antiquity, Symbolism, and Practice in Early Cultures},
  author = {Hawken, Kate},
  year = {2022},
  howpublished = {Anthropology Department Scholars Week, Anthropology Commons, Western Washington University},
  note = {Article 6},
  url = {https://cedar.wwu.edu/anthropology_scholarsweek/6}
}

@misc{deterwolf_worlds_oldest,
  title = {The world's oldest tattoos},
  author = {Deter-Wolf, Aaron and Robitaille, Benoît and Krutak, Lars and Galliot, Sébastien},
  note = {Affiliations: Tennessee Division of Archaeology, USA; 501 Rte. 220, Bonsecours, QC, Canada; National Museum of Natural History, Smithsonian Institution, USA},
  year = {2021}
}

@misc{EmilyTheEngineer2025,
  title        = {I Tattoo My Friend with a 3D Printer},
  author       = {Emily The Engineer},
  year         = {2025},
  url          = {https://youtu.be/jt1kS52V3MM},
  note         = {YouTube video, published Jan 31, 2025; accessed Feb 24, 2025}
}

@misc{YamanDeif2021,
  title        = {Automated INK (autonomous tattooing machine)},
  author       = {Yaman Deif},
  year         = {2021},
  url          = {https://youtu.be/byY_M9Cyu_I},
  note         = {YouTube video, published  Oct 7, 2021; accessed Feb 24, 2025}
}

@article{Black2024pi0,
  title        = {{$\pi$0: A Vision-Language-Action Flow Model for General Robot Control}},
  author       = {Kevin Black and Noah Brown and Danny Driess and Adnan Esmail and Michael Equi and Chelsea Finn and Niccolo Fusai and Lachy Groom and Karol Hausman and Brian Ichter and Szymon Jakubczak and Tim Jones and Liyiming Ke and Sergey Levine and Adrian Li-Bell and Mohith Mothukuri and Suraj Nair and Karl Pertsch and Lucy Xiaoyang Shi and James Tanner and Quan Vuong and Anna Walling and Haohuan Wang and Ury Zhilinsky},
  journal      = {arXiv preprint arXiv:2410.24164},
  year         = {2024},
  note         = {Published October 31, 2024; accessed February 24, 2025},
  url          = {https://arxiv.org/abs/2410.24164}
}